=LDR  01712 as a2200505 a 4500
=001  014704193
=003  Uk
=005  20081124103728.0
=006  m\\\\\\\\d\|\\\\\\
=007  cr\cn|||||||||
=008  070828c20079999xxcsr\pss\s\\\0\\\\0eng\c
=FMT  \\$a  SE
=022  0\$a1911-8538
=035  \\$a(OCoLC)166343092
=040  \\$aDLM$cDLM$dDLM$dUk
=041  0\$aeng$bfre
=042  \\$aukblsr
=130  0\$aJournal of historical biography (Online)
=222  \0$aJournal of historical biography$b(Online)
=245  10$aJournal of historical biography$h[electronic resource].
=260  \\$aAbbotsford, BC :$bUniversity College of the Fraser Valley,$c2007-
=310  \\$aSemiannual
=336  \\$atext$2rdacontent
=337  \\$acomputer$2rdamedia
=338  \\$aonline resource$2rdacarrier
=362  0\$aVol. 1 (spring 2007)-
=500  \\$aTitle from journal information page (viewed August 28, 2007).
=538  \\$aMode of access: World Wide Web.
=580  \\$aV. 1 (spring 2007) also issued in print format; later issues published online only.
=546  \\$aText in English or French.
=650  \0$aBiography$vPeriodicals.
=650  \0$aHistory$xResearch$vPeriodicals.
=710  2\$aUniversity College of the Fraser Valley.
=776  0\$tJournal of historical biography$x1911-852X
=856  40$3Vol.1(2007)- available through the publisher$uhttp://www.ucfv.ca/history/JHB.htm
=959  \\$fCurrently received
=CAT  \\$a3072$b40$c20080828$lBLL01$h1342
=CAT  \\$a8874$b40$c20081124$lBLL01$h1037
=EST  \\$a1
=FIN  \\$aY$d20080828
=MNI  \\$a1911-852X
=SID  \\$aZ39$bOCLC
=TCO  \\$aCAN$bAccess$c008
=TOC  \\$aETOC
=LAS  \\$a8874$b40$c20081124$lBLL01$h1037

