=LDR  01996 as a22005537a 4500
=001  014515717
=003  Uk
=005  20201111171415.0
=006  m\\\\\\\\d\|\\\\\\
=007  cr||||||||||||
=008  080207c20089999enkfr\p\s\\\\\0\\\a0eng\\
=FMT  \\$a  SE
=022  0\$a1756-9532$202
=040  \\$aUk$beng$cUk
=042  \\$aissnuk
=082  04$a500.20711
=210  0\$aReviews$b(High. Educ. Acad. (Great Br.), Phys. Sci. Cent., Online)
=222  \0$aReviews$b(Higher Education Academy (Great Britain). Physical Sciences Centre. Online)
=245  00$aReviews$h[electronic resource].
=260  \\$aHull :$bPhysical Sciences Centre
=310  \\$aSemiannual
=336  \\$atext$2rdacontent
=337  \\$acomputer$2rdamedia
=338  \\$aonline resource$2rdacarrier
=776  0\$tReviews (Higher Education Academy (Great Britain). Physical Sciences Centre)$x1756-9524
=856  40$uhttp://www.heacademy.ac.uk/physsci/publications/journals
=CAT  \\$a11313$b40$c20080207$lBLL01$h1053
=CAT  \\$aBATCH$b00$c20081124$lBLL01$h1134
=CAT  \\$a8323$b40$c20090219$lBLL01$h1533
=CAT  \\$a8323$b40$c20090219$lBLL01$h1550
=CAT  \\$a12654$b40$c20170110$lBLL01$h0917
=CAT  \\$a12654$b40$c20170110$lBLL01$h0919
=CAT  \\$aBATCH-UPD$b40$c20170111$lBLL01$h0036
=CAT  \\$aBLDSS-3PM$b00$c20170116$lBLL01$h1615
=CAT  \\$aBATCH-UPD$b00$c20170116$lBLL01$h1616
=CAT  \\$a5410$b40$c20170118$lBLL01$h1346
=CAT  \\$a5552$b40$c20201016$lBLL01$h0836
=CAT  \\$a5552$b40$c20201016$lBLL01$h0841
=CAT  \\$a10806$b40$c20201023$lBLL01$h1055
=CAT  \\$a12654$b40$c20201027$lBLL01$h1124
=CAT  \\$a12654$b40$c20201027$lBLL01$h1127
=CAT  \\$a12654$b40$c20201103$lBLL01$h0825
=CAT  \\$aDEL-3PM$c20201111$lBLL01$h1714
=EST  \\$a1
=FIN  \\$aY$d20090219
=LET  \0$aReviews (Higher Education Academy Physical Sciences Centre. Online)
=TCO  \\$aCLA$bCLA$c008
=UNO  \\$aY
=LAS  \\$aDEL-3PM$b00$c20201111$lBLL01$h1714

